% This file was created with JabRef 2.7b.
% Encoding: UTF-8

@MISC{gsmts,
  author = {Digital cellular telecommunications system (Phase 2+) Radio transmission
	and reception (GSM 05.05)},
  title = {http://www.etsi.org/deliver/etsi\_gts/05/0505/05.00.00\_60/\\*gsmts\_0505v050000p.pdf},
  note = {с.с. 10--11},
  owner = {maxikov},
  timestamp = {2012.05.22}
}

@MISC{novosib,
  author = {Хабрахабр: Триумф геопозиционирования (ГЛОНАСС+GPS) общественного
	транспорта},
  title = {http://habrahabr.ru/post/77259/},
  owner = {maxikov},
  timestamp = {2012.05.21}
}

@MISC{gnufdl,
  author = {Free Software Foundation Inc <http://www.gnu.org/copyleft/fdl.html>},
  title = {GNU Free Documentation License},
  month = {November},
  year = {2008},
  owner = {maxikov},
  timestamp = {2012.05.21}
}

@MISC{jabref,
  author = {JabRef reference manager},
  title = {http://jabref.sourceforge.net/},
  owner = {maxikov},
  timestamp = {2012.05.25}
}

@MISC{googlocsource,
  author = {Location source and accuracy -- Google Maps for Mobile Help},
  title = {http://support.google.com/gmm/bin/answer.py?hl=en\&answer=81873},
  owner = {maxikov},
  timestamp = {2012.05.22}
}

@MISC{latex,
  author = {LaTeX – A document preparation system},
  title = {http://www.latex-project.org/},
  owner = {maxikov},
  timestamp = {2012.05.25}
}

@MISC{numpy,
  author = {Scientific computing tools for python},
  title = {http://numpy.scipy.org/},
  owner = {maxikov},
  timestamp = {2012.05.25}
}

@MISC{enwikidbm,
  author = {Wikipedia: dBm},
  title = {http://en.wikipedia.org/wiki/DBm},
  owner = {maxikov},
  timestamp = {2012.05.22}
}

@MISC{enwikifairuse,
  author = {Wikipedia: Fair use},
  title = {\\*http://en.wikipedia.org/wiki/Fair\_use},
  owner = {maxikov},
  timestamp = {2012.05.26}
}

@MISC{mahalanobis,
  author = {Wikipedia: Mahalanobis distance},
  title = {\\*http://en.wikipedia.org/wiki/Mahalanobis\_distance},
  owner = {maxikov},
  timestamp = {2012.05.25}
}

@MISC{enwikiosh,
  author = {Wikipedia: Occupational safety and health},
  title = {\\*http://en.wikipedia.org/wiki/Occupational\_safety\_and\_health},
  owner = {maxikov},
  timestamp = {2012.05.26}
}

@MISC{ruwikimostram,
  author = {Википедия: Московский трамвай},
  title = {\\*http://ru.wikipedia.org/wiki/Московский\_трамвай},
  owner = {maxikov},
  timestamp = {2012.05.22}
}

@MISC{decodcells,
  author = {Мегафон лидирует в большой тройке по количеству базовых станций и
	числу},
  title = {http://decod.ru/news/a-74.html},
  owner = {maxikov},
  timestamp = {2012.05.22}
}

@MISC{itsrapidbus,
  author = {Transport Canada: Intelligent Transportation Systems in 98 B-Line
	Rapid Bus Service: Advanced Technology at Work},
  title = {http://www.tc.gc.ca/eng/programs/environment-utsp-intelligenttransportationsystems-945.htm},
  owner = {maxikov},
  timestamp = {2012.05.21}
}

@MISC{androidlocman,
  author = {Android Developers, Location Manager},
  title = {\\*http://developer.android.com/reference/android/location/LocationManager.html},
  owner = {maxikov},
  timestamp = {2012.05.25}
}

@MISC{enwikiburnout,
  author = {Wikipedia: Burnout},
  title = {http://en.wikipedia.org/wiki/Burnout\_(psychology)},
  owner = {maxikov},
  timestamp = {2012.05.26}
}

@MISC{enwikidalvik,
  author = {Wikipedia: Dalvik},
  title = {\\*http://en.wikipedia.org/wiki/Dalvik\_(software)},
  owner = {maxikov},
  timestamp = {2012.05.25}
}

@MISC{androidsdk,
  author = {Android Developers},
  title = {http://developer.android.com/index.html},
  owner = {maxikov},
  timestamp = {2012.05.25}
}

@MISC{androidnecelinf,
  author = {NeighboringCellInfo | Android Developers},
  title = {\\*http://developer.android.com/reference/android/telephony/NeighboringCellInfo.html},
  owner = {maxikov},
  timestamp = {2012.05.22}
}

@MISC{googleearth,
  author = {Google Earth},
  title = {\\*http://www.google.com/earth/index.html},
  owner = {maxikov},
  timestamp = {2012.05.26}
}

@MISC{enwikigps,
  author = {Wikipedia: GPS},
  title = {http://en.wikipedia.org/wiki/Global\_Positioning\_System},
  owner = {maxikov},
  timestamp = {2012.05.21}
}

@MISC{gsmclockcalibr,
  author = {Portable Calibration of GSM Base Station Clocks},
  title = {\\* http://www.spectracomcorp.com/DesktopModules/Bring2mind/DMX/\\*
	Download.aspx?EntryId=434\&Command=Core\_Download\&\\*Method=attachment\&PortalId=0\&TabId=59},
  owner = {maxikov},
  timestamp = {2012.05.21}
}

@MISC{mysqldb,
  author = {MySQLdb User's Guide},
  title = {http://mysql-python.sourceforge.net/MySQLdb.html},
  owner = {maxikov},
  timestamp = {2012.05.25}
}

@MISC{diplatex,
  author = {Как оформить диплом в LaTeX?},
  title = {\\*http://mydebianblog.blogspot.com/2008/11/latex.html},
  owner = {maxikov},
  timestamp = {2012.05.25}
}

@MISC{gsl,
  author = {GNU Scientific Library},
  title = {\\*http://www.gnu.org/software/gsl/},
  owner = {maxikov},
  timestamp = {2012.05.25}
}

@MISC{make,
  author = {GNU Make},
  title = {http://www.gnu.org/software/make/},
  owner = {maxikov},
  timestamp = {2012.05.25}
}

@MISC{4chan,
  author = {How Society Rejected Men and Created 4chan and Anonymous},
  title = {http://www.inmalafide.com/blog/2011/03/09/how-society-rejected-men-and-created-4chan-and-anonymous/},
  owner = {maxikov},
  timestamp = {2012.05.26}
}

@MISC{enwikimobbing,
  author = {Wikipedia: Mobbing},
  title = {http://en.wikipedia.org/wiki/Mobbing},
  owner = {maxikov},
  timestamp = {2012.05.26}
}

@MISC{octave,
  author = {GNU Octave},
  title = {http://www.gnu.org/software/octave/},
  owner = {maxikov},
  timestamp = {2012.05.25}
}

@MISC{spbtrans,
  author = {Хабрахабр: Spb Transport Online},
  title = {http://habrahabr.ru/post/143229/},
  owner = {maxikov},
  timestamp = {2012.05.21}
}

@MISC{pygame,
  author = {Pygame},
  title = {http://www.pygame.org/news.html},
  owner = {maxikov},
  timestamp = {2012.05.25}
}

@MISC{graphviz,
  author = {Graphviz - Graph Visualization Software},
  title = {http://www.graphviz.org/},
  owner = {maxikov},
  timestamp = {2012.05.25}
}

@MISC{enwikiols,
  author = {Wikipedia: Least Squares},
  title = {http://en.wikipedia.org/wiki/Least\_squares},
  owner = {maxikov},
  timestamp = {2012.05.22}
}

@MISC{triggersyntax,
  author = {MySQL 5.0 Reference Manual Trigger Syntax},
  title = {\\*http://dev.mysql.com/doc/refman/5.0/en/trigger-syntax.html},
  owner = {maxikov},
  timestamp = {2012.05.26}
}

@ELECTRONIC{talberg,
  author = {Espen Talberg},
  title = {Positioning with Cell ID},
  note = {(Institue of Informatics Ostfold Universiry College, Halden, Norway)
	http://mobapp.hiof.no/wp-content/uploads/talberg06pwc.pdf с.с. 16--19},
  owner = {maxikov},
  timestamp = {2012.05.21}
}

@MISC{vim,
  author = {vim},
  title = {http://www.vim.org/},
  owner = {maxikov},
  timestamp = {2012.05.25}
}

@MISC{enwikicellsite,
  author = {Wikipedia, Cell site},
  title = {http://en.wikipedia.org/wiki/Cell\_site},
  owner = {maxikov},
  timestamp = {2012.05.22}
}

@MISC{enwikivetrasy,
  author = {Wikipedia, Vehicle tracking system},
  title = {\\*http://en.wikipedia.org/wiki/Vehicle\_tracking\_system},
  owner = {maxikov},
  timestamp = {2012.05.21}
}

@ELECTRONIC{akinator,
  author = {Янгель Б.К.},
  title = {Байесовский подход и Акинатор -- Спецкурс "Байесовские методы машинного
	обучения"},
  organization = {МГУ ВМК, Яндекс},
  note = {http://www.machinelearning.ru/wiki/images/7/78/BayesML-2010-Yangel-Akinator.pdf},
  owner = {maxikov},
  timestamp = {2012.05.25}
}

@MISC{ruwikilbs,
  author = {Википедия, Location-based service},
  title = {http://ru.wikipedia.org/wiki/Location-based\_service},
  owner = {maxikov},
  timestamp = {2012.05.21}
}

@MISC{geolocationapidata,
  author = {Яндекс.Локатор Руководство разработчика: Данные для определения местоположения},
  title = {http://api.yandex.ru/locator/doc/dg/api/geolocation-api\_data.xml},
  owner = {maxikov},
  timestamp = {2012.05.22}
}

@MISC{yakazan,
  author = {Маршруты маршрутки и автобусы  в новых Картах для Android},
  title = {http://clubs.ya.ru/company/replies.xml?item\_no=41137},
  owner = {maxikov},
  timestamp = {2012.05.25}
}

@ELECTRONIC{recursion,
  author = {Максим Ковалев},
  title = {Рекурсия},
  note = {http://wiki.auditory.ru/Рекурсия},
  owner = {maxikov},
  timestamp = {2012.05.25}
}

@ELECTRONIC{neuronet,
  author = {Горбань А. Н},
  year = {1998},
  title = {Обобщенная аппроксимационная теорема и вычислительные возможности
	нейронных сетей, Сибирский журнал вычислительной математики},
  note = {http://neuroschool.narod.ru/pub/sibzhvm98.pdf с.с. 11--19},
  owner = {maxikov},
  timestamp = {2012.05.25}
}

@MISC{yageloc,
  author = {Яндекс.Локатор Руководство разработчика: Определение местоположения},
  title = {http://api.yandex.ru/locator/doc/dg/concepts/geolocation.xml},
  owner = {maxikov},
  timestamp = {2012.05.22}
}

@MISC{yaloceula,
  author = {Пользовательское соглашение -- Яндекс.Локатор},
  title = {http://api.yandex.ru/locator/eula.xml},
  owner = {maxikov},
  timestamp = {2012.05.22}
}

@MISC{sanpin,
  title = {ГИГИЕНИЧЕСКИЕ ТРЕБОВАНИЯ К ПЕРСОНАЛЬНЫМ ЭВМ И ОРГАНИЗАЦИИ РАБОТЫ
	(САНПИН 2.2.2/2.4.1340-03)},
  owner = {maxikov},
  timestamp = {2012.05.26}
}

@MISC{umnikwinners,
  title = {http://miem.edu.ru/news/Призёры-научно-технической-конференции-студентов-аспирантов-и-молодых-специалистов-МИЭМ-2011.html},
  owner = {maxikov},
  timestamp = {2012.05.22}
}

@comment{jabref-meta: selector_publisher:}

@comment{jabref-meta: selector_author:}

@comment{jabref-meta: selector_journal:}

@comment{jabref-meta: selector_keywords:}

